
@misc{blockchain-hashrate,
  title={Bitcoin Hash Rate},
  howpublished={\url{https://blockchain.info/charts/hash-rate}},
  author={Blockchain.info},
}

@article{primecoin,
  title={Primecoin: Cryptocurrency with prime number proof-of-work},
  author={King, Sunny},
  journal={July 7th},
  year={2013}
}

@inproceedings{permacoin,
  title={Permacoin: Repurposing bitcoin work for data preservation},
  author={Miller, Andrew and Juels, Ari and Shi, Elaine and Parno, Bryan and Katz, Jonathan},
  booktitle={Security and Privacy (SP), 2014 IEEE Symposium on},
  pages={475--490},
  year={2014},
  organization={IEEE}
}

@inproceedings{censys,
  title={A search engine backed by Internet-wide scanning},
  author={Durumeric, Zakir and Adrian, David and Mirian, Ariana and Bailey, Michael and Halderman, J Alex},
  booktitle={Proceedings of the 22nd ACM SIGSAC Conference on Computer and Communications Security},
  pages={542--553},
  year={2015},
  organization={ACM}
}

@misc{letsencrypt,
  title={Let's Encrypt - Free SSL/TLS Certificates},
  author={Let's Encrypt},
  howpublished={\url{https://letsencrypt.org/}}
}


@book{bitcoin-book,
  title={Bitcoin and Cryptocurrency Technologies},
  author={Arvind Narayanan and Joseph Bonneau and Edward Felten and
Andrew Miller and Steven Goldfeder},
  howpublished={\url{https://d28rh4a8wq0iu5.cloudfront.net/bitcointech/readings/princeton_bitcoin_book.pdf?a=1}},
  year=2016,
  month=2,
}

@misc{bitcoin-paper,
  title={Bitcoin: A peer-to-peer electronic cash system},
  author={Nakamoto, Satoshi},
  year={2008}
}

@inproceedings{bitcoin-sok,
  title={SoK: Research perspectives and challenges for Bitcoin and cryptocurrencies},
  author={Bonneau, Joseph and Miller, Andrew and Clark, Jeremy and Narayanan, Arvind and Kroll, Joshua A and Felten, Edward W},
  booktitle={Security and Privacy (SP), 2015 IEEE Symposium on},
  pages={104--121},
  year={2015},
  organization={IEEE}
}


@article{peercoin,
  title={PPCoin: Peer-to-Peer Crypto-Currency with Proof-of-Stake},
  author={King, Sunny and Nadal, A},
  howpublished={\url{http://www.peercoin.net/assets/paper/peercoin-paper.pdf}},
  year={2012}
}

@misc{nxt,
  title={Whitepaper:Nxt},
  author={Nxt Community},
  howpublished={\url{http://wiki.nxtcrypto.org/wiki/Whitepaper:Nxt}},
  year={2013}
}


@article{blackcoin,
  title={BlackCoin (BLK/BLC) | PoS | No premine | No IPO},
  author={Rat4},
  howpublished={\url{https://bitcointalk.org/index.php?topic=469640.0}},
  year={2014},
}

@inproceedings{otr,
  title={Off-the-record communication, or, why not to use {PGP}},
  author={Borisov, Nikita and Goldberg, Ian and Brewer, Eric},
  booktitle={Proceedings of the 2004 ACM workshop on Privacy in the electronic society},
  pages={77--84},
  year={2004},
  organization={ACM}
}


